{
  "leader": "04490cam a2200613 a 4500",
  "fields": [
    {
      "001": "ocm43526824\\"
    },
    {
      "003": "OCoLC"
    },
    {
      "005": "20220105105501.0"
    },
    {
      "008": "000215s2000\\\\\\\\nyuab\\\\\\\\b\\\\\\\\001\\0aeng\\\\"
    },
    {
      "010": {
        "ind1": "\\",
        "ind2": "\\",
        "subfields": [
          {
            "a": "   00025150 "
          }
        ]
      }
    },
    {
      "040": {
        "ind1": "\\",
        "ind2": "\\",
        "subfields": [
          {
            "a": "DLC"
          },
          {
            "b": "eng"
          },
          {
            "c": "DLC"
          },
          {
            "d": "UKM"
          },
          {
            "d": "BAKER"
          },
          {
            "d": "BTCTA"
          },
          {
            "d": "YDXCP"
          },
          {
            "d": "ZCU"
          },
          {
            "d": "GEBAY"
          },
          {
            "d": "BDX"
          },
          {
            "d": "OCLCF"
          },
          {
            "d": "OCLCQ"
          },
          {
            "d": "OCLCO"
          },
          {
            "d": "OCL"
          },
          {
            "d": "DHA"
          },
          {
            "d": "OCL"
          },
          {
            "d": "OCLCO"
          },
          {
            "d": "OCLCQ"
          },
          {
            "d": "J9U"
          },
          {
            "d": "OCLCO"
          },
          {
            "d": "OCLCQ"
          },
          {
            "d": "OCLCO"
          },
          {
            "d": "UKMGB"
          },
          {
            "d": "OCLCA"
          },
          {
            "d": "OCL"
          },
          {
            "d": "IL4J6"
          },
          {
            "d": "OCLCO"
          }
        ]
      }
    },
    {
      "015": {
        "ind1": "\\",
        "ind2": "\\",
        "subfields": [
          {
            "a": "GBA216808"
          },
          {
            "2": "bnb"
          }
        ]
      }
    },
    {
      "016": {
        "ind1": "7",
        "ind2": "\\",
        "subfields": [
          {
            "a": "007427984"
          },
          {
            "2": "Uk"
          }
        ]
      }
    },
    {
      "020": {
        "ind1": "\\",
        "ind2": "\\",
        "subfields": [
          {
            "a": "0823220079"
          },
          {
            "q": "(hc)"
          }
        ]
      }
    },
    {
      "020": {
        "ind1": "\\",
        "ind2": "\\",
        "subfields": [
          {
            "a": "9780823220076"
          },
          {
            "q": "(hc)"
          }
        ]
      }
    },
    {
      "020": {
        "ind1": "\\",
        "ind2": "\\",
        "subfields": [
          {
            "a": "0823220087"
          },
          {
            "q": "(pbk.)"
          }
        ]
      }
    },
    {
      "020": {
        "ind1": "\\",
        "ind2": "\\",
        "subfields": [
          {
            "a": "9780823220083"
          },
          {
            "q": "(pbk.)"
          }
        ]
      }
    },
    {
      "035": {
        "ind1": "\\",
        "ind2": "\\",
        "subfields": [
          {
            "a": "(OCoLC)43526824"
          }
        ]
      }
    },
    {
      "043": {
        "ind1": "\\",
        "ind2": "\\",
        "subfields": [
          {
            "a": "n-us---"
          },
          {
            "a": "pobp---"
          }
        ]
      }
    },
    {
      "050": {
        "ind1": "0",
        "ind2": "0",
        "subfields": [
          {
            "a": "D767.98"
          },
          {
            "b": ".W45 2000"
          }
        ]
      }
    },
    {
      "082": {
        "ind1": "0",
        "ind2": "0",
        "subfields": [
          {
            "a": "940.5426"
          },
          {
            "b": "WHY"
          }
        ]
      }
    },
    {
      "100": {
        "ind1": "1",
        "ind2": "\\",
        "subfields": [
          {
            "a": "Whyte, William Hollingsworth."
          }
        ]
      }
    },
    {
      "245": {
        "ind1": "1",
        "ind2": "2",
        "subfields": [
          {
            "a": "A time of war :"
          },
          {
            "b": "remembering Guadalcanal, a battle without maps /"
          },
          {
            "c": "William H. Whyte ; with an introduction by James C. Bradford."
          }
        ]
      }
    },
    {
      "250": {
        "ind1": "\\",
        "ind2": "\\",
        "subfields": [
          {
            "a": "1st ed."
          }
        ]
      }
    },
    {
      "260": {
        "ind1": "\\",
        "ind2": "\\",
        "subfields": [
          {
            "a": "New York :"
          },
          {
            "b": "Fordham University Press,"
          },
          {
            "c": "2000."
          }
        ]
      }
    },
    {
      "300": {
        "ind1": "\\",
        "ind2": "\\",
        "subfields": [
          {
            "a": "xxx, 145 pages :"
          },
          {
            "b": "illustrations, maps ;"
          },
          {
            "c": "24 cm"
          }
        ]
      }
    },
    {
      "336": {
        "ind1": "\\",
        "ind2": "\\",
        "subfields": [
          {
            "a": "text"
          },
          {
            "b": "txt"
          },
          {
            "2": "rdacontent"
          }
        ]
      }
    },
    {
      "337": {
        "ind1": "\\",
        "ind2": "\\",
        "subfields": [
          {
            "a": "unmediated"
          },
          {
            "b": "n"
          },
          {
            "2": "rdamedia"
          }
        ]
      }
    },
    {
      "338": {
        "ind1": "\\",
        "ind2": "\\",
        "subfields": [
          {
            "a": "volume"
          },
          {
            "b": "nc"
          },
          {
            "2": "rdacarrier"
          }
        ]
      }
    },
    {
      "504": {
        "ind1": "\\",
        "ind2": "\\",
        "subfields": [
          {
            "a": "Includes bibliographical references and index."
          }
        ]
      }
    },
    {
      "505": {
        "ind1": "0",
        "ind2": "0",
        "subfields": [
          {
            "t": "Introduction /"
          },
          {
            "r": "James C. Bradford --"
          },
          {
            "g": "1."
          },
          {
            "t": "Getting Ready --"
          },
          {
            "g": "2."
          },
          {
            "t": "Joining Up --"
          },
          {
            "g": "3."
          },
          {
            "t": "Shipping Out --"
          },
          {
            "g": "4."
          },
          {
            "t": "Making a Landing --"
          },
          {
            "g": "5."
          },
          {
            "t": "Meeting the Enemy --"
          },
          {
            "g": "6."
          },
          {
            "t": "Fighting the Enemy --"
          },
          {
            "g": "7."
          },
          {
            "t": "Patrolling --"
          },
          {
            "g": "8."
          },
          {
            "t": "Our Turn --"
          },
          {
            "g": "9."
          },
          {
            "t": "Winding Down --"
          },
          {
            "g": "10."
          },
          {
            "t": "Recuperating --"
          },
          {
            "g": "11."
          },
          {
            "t": "Teaching --"
          },
          {
            "g": "12."
          },
          {
            "t": "Thereafter --"
          },
          {
            "g": "App. A."
          },
          {
            "t": "Hyakutake Meets the Marines --"
          },
          {
            "g": "App. B."
          },
          {
            "t": "Pacific Fleet Chain of Command."
          }
        ]
      }
    },
    {
      "520": {
        "ind1": "1",
        "ind2": "\\",
        "subfields": [
          {
            "a": "\"In the summer of 1942, while leaders in Washington discussed Pacific War strategy, word arrived that the Japanese had begun construction of an airfield near Lunga Point on Guadalcanal. Fearing establishment of the base might presage a thrust southeastward that would sever the line of communications between the United States and Australia, the Joint Chiefs of Staff authorized Operation Watchtower, the seizure of Guadalcanal and Tulagi by the First Marine Division.\""
          }
        ]
      }
    },
    {
      "520": {
        "ind1": "8",
        "ind2": "\\",
        "subfields": [
          {
            "a": "\"On the last day of July 1942, when the First Division set sail, Whyte had only an inkling of what was in store for the Marines when they landed on the north coast of Guadalcanal seven days later. Planning for the campaign had been rudimentary at best. When the First Marines splashed ashore without opposition from the Japanese, they thought it would be easy to seize their first objective, Mount Austen."
          }
        ]
      }
    },
    {
      "520": {
        "ind1": "8",
        "ind2": "\\",
        "subfields": [
          {
            "a": "They soon learned the inadequacy of their maps when that objective proved to be several miles inland through eight-foot-tall kunai grass that trapped the heat and made even walking difficult.\" \"What quickly developed was the first real test of land combat between the United States and Japan. As an intelligence officer with the Third Battalion of the First Marines, Whyte was in a position to describe the American Strategy and also to assess the key Japanese leaders opposing the American advance.\""
          }
        ]
      }
    },
    {
      "520": {
        "ind1": "8",
        "ind2": "\\",
        "subfields": [
          {
            "a": "\"The battle for control of Guadalcanal, and what Americans learned from it, forms the heart of William H. Whyte's memoir.\"--Jacket."
          }
        ]
      }
    },
    {
      "600": {
        "ind1": "1",
        "ind2": "0",
        "subfields": [
          {
            "a": "Whyte, William Hollingsworth."
          }
        ]
      }
    },
    {
      "610": {
        "ind1": "1",
        "ind2": "0",
        "subfields": [
          {
            "a": "United States."
          },
          {
            "b": "Marine Corps"
          },
          {
            "v": "Biography."
          }
        ]
      }
    },
    {
      "650": {
        "ind1": "\\",
        "ind2": "0",
        "subfields": [
          {
            "a": "Guadalcanal, Battle of, Solomon Islands, 1942-1943"
          },
          {
            "v": "Personal narratives, American."
          }
        ]
      }
    },
    {
      "650": {
        "ind1": "\\",
        "ind2": "0",
        "subfields": [
          {
            "a": "Marines"
          },
          {
            "z": "United States"
          },
          {
            "v": "Biography."
          }
        ]
      }
    },
    {
      "600": {
        "ind1": "1",
        "ind2": "7",
        "subfields": [
          {
            "a": "Whyte, William H.,"
          },
          {
            "c": "Jr."
          },
          {
            "d": "1917-1999"
          },
          {
            "2": "fast"
          },
          {
            "0": "(OCoLC)fst00050397"
          }
        ]
      }
    },
    {
      "610": {
        "ind1": "1",
        "ind2": "7",
        "subfields": [
          {
            "a": "United States."
          },
          {
            "b": "Marine Corps."
          },
          {
            "2": "fast"
          },
          {
            "0": "(OCoLC)fst00528845"
          }
        ]
      }
    },
    {
      "650": {
        "ind1": "\\",
        "ind2": "7",
        "subfields": [
          {
            "a": "Marines."
          },
          {
            "2": "fast"
          },
          {
            "0": "(OCoLC)fst01010044"
          }
        ]
      }
    },
    {
      "651": {
        "ind1": "\\",
        "ind2": "7",
        "subfields": [
          {
            "a": "Solomon Islands."
          },
          {
            "2": "fast"
          },
          {
            "0": "(OCoLC)fst01204144"
          }
        ]
      }
    },
    {
      "651": {
        "ind1": "\\",
        "ind2": "7",
        "subfields": [
          {
            "a": "United States."
          },
          {
            "2": "fast"
          },
          {
            "0": "(OCoLC)fst01204155"
          }
        ]
      }
    },
    {
      "647": {
        "ind1": "\\",
        "ind2": "7",
        "subfields": [
          {
            "a": "Battle of Guadalcanal"
          },
          {
            "c": "(Solomon Islands :"
          },
          {
            "d": "1942-1943)"
          },
          {
            "2": "fast"
          },
          {
            "0": "(OCoLC)fst00948685"
          }
        ]
      }
    },
    {
      "648": {
        "ind1": "\\",
        "ind2": "7",
        "subfields": [
          {
            "a": "1942-1943"
          },
          {
            "2": "fast"
          }
        ]
      }
    },
    {
      "655": {
        "ind1": "\\",
        "ind2": "7",
        "subfields": [
          {
            "a": "Biographies."
          },
          {
            "2": "fast"
          },
          {
            "0": "(OCoLC)fst01919896"
          }
        ]
      }
    },
    {
      "655": {
        "ind1": "\\",
        "ind2": "7",
        "subfields": [
          {
            "a": "Personal narratives"
          },
          {
            "v": "American."
          },
          {
            "2": "fast"
          },
          {
            "0": "(OCoLC)fst01424071"
          }
        ]
      }
    },
    {
      "776": {
        "ind1": "0",
        "ind2": "8",
        "subfields": [
          {
            "i": "Online version:"
          },
          {
            "a": "Whyte, William Hollingsworth."
          },
          {
            "t": "Time of war."
          },
          {
            "b": "1st ed."
          },
          {
            "d": "New York : Fordham University Press, 2000"
          },
          {
            "w": "(OCoLC)649334479"
          }
        ]
      }
    },
    {
      "856": {
        "ind1": "4",
        "ind2": "2",
        "subfields": [
          {
            "3": "Contributor biographical information"
          },
          {
            "u": "http://catdir.loc.gov/catdir/enhancements/fy0734/00025150-b.html"
          }
        ]
      }
    },
    {
      "856": {
        "ind1": "4",
        "ind2": "2",
        "subfields": [
          {
            "3": "Publisher description"
          },
          {
            "u": "http://catdir.loc.gov/catdir/enhancements/fy0625/00025150-d.html"
          }
        ]
      }
    },
    {
      "994": {
        "ind1": "\\",
        "ind2": "\\",
        "subfields": [
          {
            "a": "Z0"
          },
          {
            "b": "NYRVC"
          }
        ]
      }
    },
    {
      "948": {
        "ind1": "\\",
        "ind2": "\\",
        "subfields": [
          {
            "h": "NO HOLDINGS IN NYRVC - 353 OTHER HOLDINGS"
          }
        ]
      }
    },
    {
      "999": {
        "ind1": "\\",
        "ind2": "\\",
        "subfields": [
          {
            "a": "00000000010024"
          }
        ]
      }
    }
  ]
}